% Core Framework Papers
@book{barak2012proportionality,
  title={Proportionality: Constitutional Rights and their Limitations},
  author={Barak, Aharon},
  year={2012},
  publisher={Cambridge University Press},
  address={Cambridge},
  doi={10.1017/CBO9781139035293}
}

@article{bennett2019descriptive,
    title={Descriptive conversion of performance indicators in rugby union},
    author={Bennett, M. and Bezodis, N. and Shearer, D. A. and Locke, D. and Kilduff, L. P.},
    journal={Journal of Science and Medicine in Sport},
    volume={22},
    number={3},
    pages={330--334},
    year={2019},
    doi={10.1016/j.jsams.2018.08.008}
}

@article{bennett2021predicting,
    title={Predicting performance at the group-phase and knockout-phase of the 2015 Rugby World Cup},
    author={Bennett, M. and Bezodis, N. E. and Shearer, D. A. and Kilduff, L. P.},
    journal={European Journal of Sport Science},
    volume={21},
    number={3},
    pages={312--320},
    year={2021},
    doi={10.1080/17461391.2020.1743764}
}
@article{berrar2019incorporating,
  title={Incorporating domain knowledge in machine learning for soccer outcome prediction},
  author={Berrar, Daniel and Lopes, Philippe and Dubitzky, Werner},
  journal={Machine Learning},
  volume={108},
  number={1},
  pages={97--126},
  year={2019},
  publisher={Springer},
  doi={doi.org/10.1007/s10994-018-5747-8}
}
@article{boll1979suppression,
  title={Suppression of acoustic noise in speech using spectral subtraction},
  author={Boll, Steven F.},
  journal={IEEE Transactions on acoustics, speech, and signal processing},
  volume={27},
  number={2},
  pages={113--120},
  year={1979},
  publisher={IEEE},
  doi={10.1109/TASSP.1979.1163209}
}
@article{bornn2021spatiotemporal,
    title={Spatiotemporal analysis of team sports},
    author={Bornn, Luke and Cervone, Dan and Fernandez, Javier},
    journal={Annals of Applied Statistics},
    volume={15},
    number={2},
    pages={773--794},
    year={2021},
    doi={10.1214/20-AOAS1363}
}

@article{boulier2003predicting,
  title={Predicting the outcomes of National Football League games},
  author={Boulier, Bryan L and Stekler, Herman O},
  journal={International Journal of Forecasting},
  volume={19},
  number={2},
  pages={257--270},
  year={2003},
  publisher={Elsevier},
  doi={10.1016/S0169-2070(01)00144-3}
}

@article{carhart1997persistence,
    title={On Persistence in Mutual Fund Performance},
    author={Carhart, Mark M.},
    journal={The Journal of Finance},
    volume={52},
    number={1},
    pages={57--82},
    year={1997},
    doi={10.1111/j.1540-6261.1997.tb03808.x}
}

@article{dixon1997modelling,
    title={Modelling association football scores and inefficiencies in the football betting market},
    author={Dixon, Mark J and Coles, Stuart G},
    journal={Journal of the Royal Statistical Society: Series C (Applied Statistics)},
    volume={46},
    number={2},
    pages={265--280},
    year={1997},
    publisher={Wiley Online Library},
   doi={10.1111/1467-9876.00065}
}
% Economics and General Theory
@article{fama1993common,
    title={Common risk factors in the returns on stocks and bonds},
    author={Fama, Eugene F. and French, Kenneth R.},
    journal={Journal of Financial Economics},
    volume={33},
    number={1},
    pages={3--56},
    year={1993},
    doi={10.1016/0304-405X(93)90023-5}
}

@article{forrest2000forecasting,
    title={Forecasting sports results: The football pools and the efficient market hypothesis},
    author={Forrest, David and Simmons, Robert},
    journal={Journal of Forecasting},
    volume={19},
    number={1},
    pages={51--66},
    year={2000},
    doi={10.1002/(SICI)1099-131X(200001)19:1<51::AID-FOR738>3.0.CO;2-G}
}
@article{foster2010report,
    title={The {Foster}–{Greer}–{Thorbecke} ({FGT}) poverty measures: 25 years later},
    author={Foster, James and Greer, Joel and Thorbecke, Erik},
    journal={Journal of Economic Inequality},
    volume={8},
    number={4},
    pages={491--524},
    year={2010},
    doi={10.1007/s10888-010-9136-1}
}
@book{iezzoni1997risk,
  title={Risk Adjustment for Measuring Healthcare Outcomes},
  author={Iezzoni, Lisa I},
  year={1997},
  publisher={Health Administration Press Chicago},
  address={Chicago}
}
@article{normand2016statistical,
  title={Statistical methods for profiling providers of medical care: issues and applications},
  author={Normand, Sharon-Lise T and Shahian, David M},
  journal={Journal of the American Statistical Association},
  volume={111},
  number={516},
  pages={1472--1484},
  year={2016},
  publisher={Taylor \& Francis},
  doi={10.1080/01621459.1997.10474036}
}

@book{ricardo1817principles,
  title={On the Principles of Political Economy and Taxation},
  author={Ricardo, David},
  year={1817},
  publisher={John Murray},
  address={London},
  note={Reprinted in P. Sraffa (Ed.), The Works and Correspondence of David Ricardo, Vol. 1, Cambridge: Cambridge University Press, 1951},
  doi={10.1017/CBO9781107589421}
}
@article{scott2023performance,
    title={Performance indicators associated with match outcome within the United Rugby Championship},
    author={Scott, G. A. and Bezodis, N. and Waldron, M. and Bennett, M. and Church, S. and Kilduff, L. P. and Brown, M. R.},
    journal={Journal of Science and Medicine in Sport},
    volume={26},
    number={1},
    pages={63--68},
    year={2023},
    doi={10.1016/j.jsams.2022.09.006}
}
@article{scott2023classifying,
    title={Classifying Winning Performances in International Women's Rugby Union},
    author={Scott, G. A. and Edwards, O. and Bezodis, N. E. and Waldron, M. and Roberts, E. and Pyne, D. B. and Mara, J. and Cook, C. and Mason, L. and Brown, M. R. and Kilduff, L. P.},
    journal={International Journal of Sports Physiology and Performance},
    volume={18},
    number={9},
    pages={1072--1078},
    year={2023},
    doi={10.1123/ijspp.2022-0511}
}
@article{sharpe1994sharpe,
    title={The Sharpe Ratio},
    author={Sharpe, William F.},
    journal={The Journal of Portfolio Management},
    volume={21},
    number={1},
    pages={49--58},
    year={1994},
    doi={10.3905/jpm.1994.409501}
}

@article{hanushek2010generalizations,
  title={Generalizations about using value-added measures of teacher quality},
  author={Hanushek, Eric A and Rivkin, Steven G},
  journal={American Economic Review},
  volume={100},
  number={2},
  pages={267--271},
  year={2010},
  publisher={American Economic Association},
  doi={10.1257/aer.100.2.267}
}


@article{stefani2011measurement,
  title={The methodology of officially recognized international sports rating systems},
  author={Stefani, Ray and Pollard, Richard},
  journal={Journal of Quantitative Analysis in Sports},
  volume={7},
  number={1},
  year={2011},
  publisher={De Gruyter},
  doi={10.2202/1559-0410.1347}
}
@article{keiningham2015competitive,
  title={Competitive context is everything: Moving from absolute to relative metrics},
  author={Keiningham, Timothy L and Buoye, Alexander and Ball, Joan},
  journal={Global Economics and Management Review},
  volume={20},
  number={1},
  pages={18--25},
  year={2015},
  publisher={Elsevier},
doi={10.1016/j.gemrev.2015.07.001}
}

@article{hughes2002performance,
  title={The use of performance indicators in performance analysis},
  author={Hughes, Mike D and Bartlett, Roger M},
  journal={Journal of Sports Sciences},
  volume={20},
  number={10},
  pages={739--754},
  year={2002},
  publisher={Taylor \& Francis},
  doi={10.1080/026404102320675602}
}

@article{mahalanobis1936generalized,
    title={On the generalised distance in statistics},
    author={Mahalanobis, Prasanta Chandra},
    journal={Proceedings of the National Institute of Sciences of India},
    volume={2},
    number={1},
    pages={49--55},
    year={1936},
    doi={10.1007/s13171-019-00164-5}
}
@book{shannon1948mathematical,
    title={A mathematical theory of communication},
    author={Shannon, Claude E.},
    shortauthor={Shannon},
    journal={Bell System Technical Journal},
    publisher={University of Illinois Press},
    volume={27},
    pages={379--423},
    year={1948}
}





